%YAML 1.1
%TAG !u! tag:unity3d.com,2011:
--- !u!1001 &309553071945311964
PrefabInstance:
  m_ObjectHideFlags: 0
  serializedVersion: 2
  m_Modification:
    m_TransformParent: {fileID: 0}
    m_Modifications:
    - target: {fileID: 523466693151116283, guid: ce8b1241312094344bd8c4988b994944, type: 3}
      propertyPath: targetAnimator
      value: 
      objectReference: {fileID: 906075159551763027}
    - target: {fileID: 1830954552346292628, guid: ce8b1241312094344bd8c4988b994944, type: 3}
      propertyPath: m_TargetGraphic
      value: 
      objectReference: {fileID: 0}
    - target: {fileID: 2134184489773578920, guid: ce8b1241312094344bd8c4988b994944, type: 3}
      propertyPath: attackSet
      value: 
      objectReference: {fileID: 968402791062375834}
    - target: {fileID: 2134184489773578920, guid: ce8b1241312094344bd8c4988b994944, type: 3}
      propertyPath: attackDistance
      value: 4
      objectReference: {fileID: 0}
    - target: {fileID: 4734919429148805260, guid: ce8b1241312094344bd8c4988b994944, type: 3}
      propertyPath: m_LocalPosition.z
      value: 1.663
      objectReference: {fileID: 0}
    - target: {fileID: 4985762079363784479, guid: ce8b1241312094344bd8c4988b994944, type: 3}
      propertyPath: isStateManagerActive
      value: 1
      objectReference: {fileID: 0}
    - target: {fileID: 7309364516910092770, guid: ce8b1241312094344bd8c4988b994944, type: 3}
      propertyPath: m_LocalPosition.z
      value: 0
      objectReference: {fileID: 0}
    - target: {fileID: 7309364517951033145, guid: ce8b1241312094344bd8c4988b994944, type: 3}
      propertyPath: m_Name
      value: Unit_LichArmy_Warrior
      objectReference: {fileID: 0}
    - target: {fileID: 7309364517951033150, guid: ce8b1241312094344bd8c4988b994944, type: 3}
      propertyPath: m_RootOrder
      value: 0
      objectReference: {fileID: 0}
    - target: {fileID: 7309364517951033150, guid: ce8b1241312094344bd8c4988b994944, type: 3}
      propertyPath: m_LocalPosition.x
      value: -3.77
      objectReference: {fileID: 0}
    - target: {fileID: 7309364517951033150, guid: ce8b1241312094344bd8c4988b994944, type: 3}
      propertyPath: m_LocalPosition.y
      value: 0
      objectReference: {fileID: 0}
    - target: {fileID: 7309364517951033150, guid: ce8b1241312094344bd8c4988b994944, type: 3}
      propertyPath: m_LocalPosition.z
      value: 0
      objectReference: {fileID: 0}
    - target: {fileID: 7309364517951033150, guid: ce8b1241312094344bd8c4988b994944, type: 3}
      propertyPath: m_LocalRotation.w
      value: 1
      objectReference: {fileID: 0}
    - target: {fileID: 7309364517951033150, guid: ce8b1241312094344bd8c4988b994944, type: 3}
      propertyPath: m_LocalRotation.x
      value: 0
      objectReference: {fileID: 0}
    - target: {fileID: 7309364517951033150, guid: ce8b1241312094344bd8c4988b994944, type: 3}
      propertyPath: m_LocalRotation.y
      value: 0
      objectReference: {fileID: 0}
    - target: {fileID: 7309364517951033150, guid: ce8b1241312094344bd8c4988b994944, type: 3}
      propertyPath: m_LocalRotation.z
      value: 0
      objectReference: {fileID: 0}
    - target: {fileID: 7309364517951033150, guid: ce8b1241312094344bd8c4988b994944, type: 3}
      propertyPath: m_LocalEulerAnglesHint.x
      value: 0
      objectReference: {fileID: 0}
    - target: {fileID: 7309364517951033150, guid: ce8b1241312094344bd8c4988b994944, type: 3}
      propertyPath: m_LocalEulerAnglesHint.y
      value: 0
      objectReference: {fileID: 0}
    - target: {fileID: 7309364517951033150, guid: ce8b1241312094344bd8c4988b994944, type: 3}
      propertyPath: m_LocalEulerAnglesHint.z
      value: 0
      objectReference: {fileID: 0}
    - target: {fileID: 7309364517951033151, guid: ce8b1241312094344bd8c4988b994944, type: 3}
      propertyPath: <unitFaction>k__BackingField
      value: 
      objectReference: {fileID: 11400000, guid: 72fbf5a0069880641b1c77dbb452ae2e, type: 2}
    - target: {fileID: 7493550794604071053, guid: ce8b1241312094344bd8c4988b994944, type: 3}
      propertyPath: m_RootOrder
      value: 1
      objectReference: {fileID: 0}
    - target: {fileID: 7493550794604071053, guid: ce8b1241312094344bd8c4988b994944, type: 3}
      propertyPath: m_LocalPosition.z
      value: 0.07
      objectReference: {fileID: 0}
    - target: {fileID: 7493550794604071053, guid: ce8b1241312094344bd8c4988b994944, type: 3}
      propertyPath: m_AnchoredPosition.y
      value: 2.761
      objectReference: {fileID: 0}
    - target: {fileID: 7766909351701693616, guid: ce8b1241312094344bd8c4988b994944, type: 3}
      propertyPath: soul
      value: 
      objectReference: {fileID: 2625267540273448360, guid: 756def0549543a64d8a8d1affad441f1, type: 3}
    - target: {fileID: 8276501246577493007, guid: ce8b1241312094344bd8c4988b994944, type: 3}
      propertyPath: m_AnchorMax.x
      value: 0
      objectReference: {fileID: 0}
    - target: {fileID: 8276501246577493007, guid: ce8b1241312094344bd8c4988b994944, type: 3}
      propertyPath: m_AnchorMax.y
      value: 0
      objectReference: {fileID: 0}
    - target: {fileID: 8384236536401109933, guid: ce8b1241312094344bd8c4988b994944, type: 3}
      propertyPath: maxHealth
      value: 2
      objectReference: {fileID: 0}
    - target: {fileID: 8384236536401109933, guid: ce8b1241312094344bd8c4988b994944, type: 3}
      propertyPath: hitSFX.preset
      value: 
      objectReference: {fileID: 11400000, guid: 4f1776a78177a1f46a03ca489179dbf8, type: 2}
    - target: {fileID: 8384236536401109933, guid: ce8b1241312094344bd8c4988b994944, type: 3}
      propertyPath: deathSFX.preset
      value: 
      objectReference: {fileID: 11400000, guid: 6ecd2ec32e32a834ca531b0c2c6eab9d, type: 2}
    - target: {fileID: 8831425460720584787, guid: ce8b1241312094344bd8c4988b994944, type: 3}
      propertyPath: targetFaction
      value: 
      objectReference: {fileID: 11400000, guid: ac1a329b5fd65874d882fa340be3ab61, type: 2}
    - target: {fileID: 8831425460720584787, guid: ce8b1241312094344bd8c4988b994944, type: 3}
      propertyPath: trackingRadius
      value: 15
      objectReference: {fileID: 0}
    m_RemovedComponents: []
  m_SourcePrefab: {fileID: 100100000, guid: ce8b1241312094344bd8c4988b994944, type: 3}
--- !u!1 &5026172880470905559 stripped
GameObject:
  m_CorrespondingSourceObject: {fileID: 4722953821083792395, guid: ce8b1241312094344bd8c4988b994944, type: 3}
  m_PrefabInstance: {fileID: 309553071945311964}
  m_PrefabAsset: {fileID: 0}
--- !u!114 &968402791062375834
MonoBehaviour:
  m_ObjectHideFlags: 0
  m_CorrespondingSourceObject: {fileID: 0}
  m_PrefabInstance: {fileID: 0}
  m_PrefabAsset: {fileID: 0}
  m_GameObject: {fileID: 5026172880470905559}
  m_Enabled: 1
  m_EditorHideFlags: 0
  m_Script: {fileID: 11500000, guid: fb695421c32c7804f82238df385db6eb, type: 3}
  m_Name: 
  m_EditorClassIdentifier: 
  damageValue: 2
  attackPoint: {fileID: 5043487060978888272}
  OnDamageDealt:
    m_PersistentCalls:
      m_Calls: []
  unitLayerMask:
    serializedVersion: 2
    m_Bits: 128
--- !u!4 &5043487060978888272 stripped
Transform:
  m_CorrespondingSourceObject: {fileID: 4734919429148805260, guid: ce8b1241312094344bd8c4988b994944, type: 3}
  m_PrefabInstance: {fileID: 309553071945311964}
  m_PrefabAsset: {fileID: 0}
--- !u!1 &7006427488291862305 stripped
GameObject:
  m_CorrespondingSourceObject: {fileID: 7309364516910092797, guid: ce8b1241312094344bd8c4988b994944, type: 3}
  m_PrefabInstance: {fileID: 309553071945311964}
  m_PrefabAsset: {fileID: 0}
--- !u!1818360609 &7351690429831598944
RotationConstraint:
  m_ObjectHideFlags: 0
  m_CorrespondingSourceObject: {fileID: 0}
  m_PrefabInstance: {fileID: 0}
  m_PrefabAsset: {fileID: 0}
  m_GameObject: {fileID: 7006427488291862305}
  m_Enabled: 1
  m_Weight: 1
  m_RotationAtRest: {x: 0, y: 0, z: 0}
  m_RotationOffset: {x: 0, y: 0, z: 0}
  m_AffectRotationX: 1
  m_AffectRotationY: 1
  m_AffectRotationZ: 1
  m_IsContraintActive: 0
  m_IsLocked: 0
  m_Sources: []
--- !u!4 &7006427488291862334 stripped
Transform:
  m_CorrespondingSourceObject: {fileID: 7309364516910092770, guid: ce8b1241312094344bd8c4988b994944, type: 3}
  m_PrefabInstance: {fileID: 309553071945311964}
  m_PrefabAsset: {fileID: 0}
--- !u!1001 &3120422920321375127
PrefabInstance:
  m_ObjectHideFlags: 0
  serializedVersion: 2
  m_Modification:
    m_TransformParent: {fileID: 7006427488291862334}
    m_Modifications:
    - target: {fileID: -8679921383154817045, guid: fd8f40885d8abc944a5dc1b2671b0ebf, type: 3}
      propertyPath: m_RootOrder
      value: 0
      objectReference: {fileID: 0}
    - target: {fileID: -8679921383154817045, guid: fd8f40885d8abc944a5dc1b2671b0ebf, type: 3}
      propertyPath: m_LocalPosition.x
      value: 0
      objectReference: {fileID: 0}
    - target: {fileID: -8679921383154817045, guid: fd8f40885d8abc944a5dc1b2671b0ebf, type: 3}
      propertyPath: m_LocalPosition.y
      value: 0
      objectReference: {fileID: 0}
    - target: {fileID: -8679921383154817045, guid: fd8f40885d8abc944a5dc1b2671b0ebf, type: 3}
      propertyPath: m_LocalPosition.z
      value: 0
      objectReference: {fileID: 0}
    - target: {fileID: -8679921383154817045, guid: fd8f40885d8abc944a5dc1b2671b0ebf, type: 3}
      propertyPath: m_LocalRotation.w
      value: 1
      objectReference: {fileID: 0}
    - target: {fileID: -8679921383154817045, guid: fd8f40885d8abc944a5dc1b2671b0ebf, type: 3}
      propertyPath: m_LocalRotation.x
      value: -0
      objectReference: {fileID: 0}
    - target: {fileID: -8679921383154817045, guid: fd8f40885d8abc944a5dc1b2671b0ebf, type: 3}
      propertyPath: m_LocalRotation.y
      value: -0
      objectReference: {fileID: 0}
    - target: {fileID: -8679921383154817045, guid: fd8f40885d8abc944a5dc1b2671b0ebf, type: 3}
      propertyPath: m_LocalRotation.z
      value: -0
      objectReference: {fileID: 0}
    - target: {fileID: -8679921383154817045, guid: fd8f40885d8abc944a5dc1b2671b0ebf, type: 3}
      propertyPath: m_LocalEulerAnglesHint.x
      value: 0
      objectReference: {fileID: 0}
    - target: {fileID: -8679921383154817045, guid: fd8f40885d8abc944a5dc1b2671b0ebf, type: 3}
      propertyPath: m_LocalEulerAnglesHint.y
      value: 0
      objectReference: {fileID: 0}
    - target: {fileID: -8679921383154817045, guid: fd8f40885d8abc944a5dc1b2671b0ebf, type: 3}
      propertyPath: m_LocalEulerAnglesHint.z
      value: 0
      objectReference: {fileID: 0}
    - target: {fileID: 919132149155446097, guid: fd8f40885d8abc944a5dc1b2671b0ebf, type: 3}
      propertyPath: m_Name
      value: CHA_Warrior
      objectReference: {fileID: 0}
    - target: {fileID: 7006751067149719866, guid: fd8f40885d8abc944a5dc1b2671b0ebf, type: 3}
      propertyPath: m_IsActive
      value: 0
      objectReference: {fileID: 0}
    m_RemovedComponents: []
  m_SourcePrefab: {fileID: 100100000, guid: fd8f40885d8abc944a5dc1b2671b0ebf, type: 3}
--- !u!1 &2849812973448537798 stripped
GameObject:
  m_CorrespondingSourceObject: {fileID: 919132149155446097, guid: fd8f40885d8abc944a5dc1b2671b0ebf, type: 3}
  m_PrefabInstance: {fileID: 3120422920321375127}
  m_PrefabAsset: {fileID: 0}
--- !u!95 &906075159551763027
Animator:
  serializedVersion: 4
  m_ObjectHideFlags: 0
  m_CorrespondingSourceObject: {fileID: 0}
  m_PrefabInstance: {fileID: 0}
  m_PrefabAsset: {fileID: 0}
  m_GameObject: {fileID: 2849812973448537798}
  m_Enabled: 1
  m_Avatar: {fileID: 0}
  m_Controller: {fileID: 9100000, guid: 08cf98ed04c08d9428512a775e5e5d6f, type: 2}
  m_CullingMode: 0
  m_UpdateMode: 0
  m_ApplyRootMotion: 0
  m_LinearVelocityBlending: 0
  m_StabilizeFeet: 0
  m_WarningMessage: 
  m_HasTransformHierarchy: 1
  m_AllowConstantClipSamplingOptimization: 1
  m_KeepAnimatorControllerStateOnDisable: 0
